@inproceedings{wadler89,
  author = {Wadler, Philip and Blott, Stephen},
  title = {{How to make \emph{ad-hoc} polymorphism less \emph{ad hoc}}},
  booktitle = {Proceedings of the 16th ACM SIGPLAN-SIGACT Symposium on Principles of Programming Languages},
  year = {1989},
}

@article{smith94,
  author = {Smith, Geoffrey S},
  title = {{Principal Type Schemes for Functional Programs with Overloading and Subtyping}},
  journal = {Science of Computer Programming},
  volume = {23},
  number = {2-3},
  pages = {197--226},
  year = {1994},
}

@inproceedings{odersky95,
  author = {Odersky, Martin and Wadler, Philip and Wehr, Martin},
  title = {{A Second Look at Overloading}},
  booktitle = {Proceedings of the FPCA '95 Conference on Functional Programming Languages and Computer Architecture},
  year = {1995},
}

@misc{wadler98,
  author = {Wadler, Philip},
  title = {{The Expression Problem}},
  howpublished = {Post to {\tt java-genericity} mailing list},
  year = {1998},
}

@inproceedings{camarao99,
  author = {Camar{\~a}o, Carlos and Figueiredo, Luc{\'i}lia},
  title = {{Type Inference for Overloading without Restrictions, Declarations or Annotations}},
  booktitle = {International Symposium on Functional and Logic Programming},
  year = {1999},
}

@inproceedings{loh06,
  author = {L{\"o}h, Andres and Hinze, Ralf},
  title = {{Open Data Types and Open Functions}},
  booktitle = {Proceedings of the 8th ACM SIGPLAN International Conference on Principles and Practice of Declarative Programming},
  year = {2006},
}

@inproceedings{vytiniotis10,
  author = {Vytiniotis, Dimitrios and Peyton Jones, Simon and Schrijvers, Tom},
  title = {{Let Should not be Generalised}},
  booktitle = {Proceedings of the 5th ACM SIGPLAN Workshop on Types in Language Design and Implementation},
  year = {2010},
}
